@article{gorla2004should,
  title={Who should work with whom? Building effective software project teams},
  author={Gorla, Narasimhaiah and Lam, Yan Wah},
  journal={Communications of the ACM},
  volume={47},
  number={6},
  pages={79--82},
  year={2004},
  publisher={ACM New York, NY, USA}
} 

@article{gilal2017effective,
  title={Effective Personality Preferences of Software Programmer: A Systematic Review.},
  author={Gilal, Abdul Rehman and Jaafar, Jafreezal and Abro, Ahsanullah and Omar, Mazni and Basri, Shuib and Saleem, Muhammad Qaiser},
  journal={J. Inf. Sci. Eng.},
  volume={33},
  number={6},
  pages={1399--1416},
  year={2017}
}

@article{hoegl2001teamwork,
  title={Teamwork quality and the success of innovative projects: A theoretical concept and empirical evidence},
  author={Hoegl, Martin and Gemuenden, Hans Georg},
  journal={Organization science},
  volume={12},
  number={4},
  pages={435--449},
  year={2001},
  publisher={INFORMS}
}

@article{gomez2014replicated,
  title={A replicated quasi-experimental study on the influence of personality and team climate in software development},
  author={G{\'o}mez, Marta N and Acu{\~n}a, Silvia T},
  journal={Empirical software engineering},
  volume={19},
  number={2},
  pages={343--377},
  year={2014},
  publisher={Springer}
}

@article{yilmaz2017examination,
  title={An examination of personality traits and how they impact on software development teams},
  author={Yilmaz, Murat and O’Connor, Rory V and Colomo-Palacios, Ricardo and Clarke, Paul},
  journal={Information and Software Technology},
  volume={86},
  pages={101--122},
  year={2017},
  publisher={Elsevier}
}

@inproceedings{xia2017personality,
  title={Personality and project success: Insights from a large-scale study with professionals},
  author={Xia, Xin and Lo, David and Bao, Lingfeng and Sharma, Abhishek and Li, Shanping},
  booktitle={2017 IEEE International Conference on Software Maintenance and Evolution (ICSME)},
  pages={318--328},
  year={2017},
  organization={IEEE}
}

@book{furnham2002personality,
  title={Personality at work: individual differences in the workplace},
  author={Furnham, Adrian},
  year={2002},
  publisher={Routledge}
}

@article{furnham1996big,
  title={The big five versus the big four: the relationship between the Myers-Briggs Type Indicator (MBTI) and NEO-PI five factor model of personality},
  author={Furnham, Adrian},
  journal={Personality and Individual Differences},
  volume={21},
  number={2},
  pages={303--307},
  year={1996},
  publisher={Elsevier}
}

@article{cruz2015forty,
  title={Forty years of research on personality in software engineering: A mapping study},
  author={Cruz, Shirley and da Silva, Fabio QB and Capretz, Luiz Fernando},
  journal={Computers in Human Behavior},
  volume={46},
  pages={94--113},
  year={2015},
  publisher={Elsevier}
}

@article{gilal2018finding,
  title={Finding an effective classification technique to develop a software team composition model},
  author={Gilal, Abdul Rehman and Jaafar, Jafreezal and Capretz, Luiz Fernando and Omar, Mazni and Basri, Shuib and Aziz, Izzatdin Abdul},
  journal={Journal of Software: Evolution and Process},
  volume={30},
  number={1},
  pages={e1920},
  year={2018},
  publisher={Wiley Online Library}
}

@article{soomro2016effect,
  title={The effect of software engineers’ personality traits on team climate and performance: A Systematic Literature Review},
  author={Soomro, Arjumand Bano and Salleh, Norsaremah and Mendes, Emilia and Grundy, John and Burch, Giles and Nordin, Azlin},
  journal={Information and Software Technology},
  volume={73},
  pages={52--65},
  year={2016},
  publisher={Elsevier}
}

@article{gilal2017effective,
  title={Effective Personality Preferences of Software Programmer: A Systematic Review.},
  author={Gilal, Abdul Rehman and Jaafar, Jafreezal and Abro, Ahsanullah and Omar, Mazni and Basri, Shuib and Saleem, Muhammad Qaiser},
  journal={J. Inf. Sci. Eng.},
  volume={33},
  number={6},
  pages={1399--1416},
  year={2017}
}

@article{kunnel2019psychometric,
  title={Psychometric Evaluation of the BFI-10 and the NEO-FFI-3 in Indian Adolescents},
  author={Kunnel John, Roshin and Gaab, Jens and Xavier, Boby and Waldmeier, Anja and Meyer, Andrea Hans},
  journal={Frontiers in psychology},
  volume={10},
  pages={1057},
  year={2019},
  publisher={Frontiers}
}

@article{costa2010neo,
  title={NEO Inventories professional manual},
  author={Costa, PT and McCrae, RR},
  journal={Psychological Assessment Resources, Inc},
  year={2010}
}

@Inbook{Easterbrook2008,
author="Easterbrook, Steve
and Singer, Janice
and Storey, Margaret-Anne
and Damian, Daniela",
editor="Shull, Forrest
and Singer, Janice
and Sj{\o}berg, Dag I. K.",
title="Selecting Empirical Methods for Software Engineering Research",
bookTitle="Guide to Advanced Empirical Software Engineering",
year="2008",
publisher="Springer London",
address="London",
pages="285--311",
doi="10.1007/978-1-84800-044-5_11",
url="https://doi.org/10.1007/978-1-84800-044-5_11"
}

@book{myers1988myers,
  title={Myers-Briggs type indicator: MBTI.},
  author={Myers, Isabel Briggs and McCaulley, Mary H},
  year={1988},
  publisher={Consulting Psychologists Press Palo Alto}
}

@article{gorla2004should,
  title={Who should work with whom? Building effective software project teams},
  author={Gorla, Narasimhaiah and Lam, Yan Wah},
  journal={Communications of the ACM},
  volume={47},
  number={6},
  pages={79--82},
  year={2004},
  publisher={ACM New York, NY, USA}
} 

@article{gilal2017effective,
  title={Effective Personality Preferences of Software Programmer: A Systematic Review.},
  author={Gilal, Abdul Rehman and Jaafar, Jafreezal and Abro, Ahsanullah and Omar, Mazni and Basri, Shuib and Saleem, Muhammad Qaiser},
  journal={J. Inf. Sci. Eng.},
  volume={33},
  number={6},
  pages={1399--1416},
  year={2017}
}

@article{gomez2014replicated,
  title={A replicated quasi-experimental study on the influence of personality and team climate in software development},
  author={G{\'o}mez, Marta N and Acu{\~n}a, Silvia T},
  journal={Empirical software engineering},
  volume={19},
  number={2},
  pages={343--377},
  year={2014},
  publisher={Springer}
}

@article{yilmaz2017examination,
  title={An examination of personality traits and how they impact on software development teams},
  author={Yilmaz, Murat and O’Connor, Rory V and Colomo-Palacios, Ricardo and Clarke, Paul},
  journal={Information and Software Technology},
  volume={86},
  pages={101--122},
  year={2017},
  publisher={Elsevier}
}

@inproceedings{xia2017personality,
  title={Personality and project success: Insights from a large-scale study with professionals},
  author={Xia, Xin and Lo, David and Bao, Lingfeng and Sharma, Abhishek and Li, Shanping},
  booktitle={2017 IEEE International Conference on Software Maintenance and Evolution (ICSME)},
  pages={318--328},
  year={2017},
  organization={IEEE}
}

@book{furnham2002personality,
  title={Personality at work: individual differences in the workplace},
  author={Furnham, Adrian},
  year={2002},
  publisher={Routledge}
}

@article{furnham1996big,
  title={The big five versus the big four: the relationship between the Myers-Briggs Type Indicator (MBTI) and NEO-PI five factor model of personality},
  author={Furnham, Adrian},
  journal={Personality and Individual Differences},
  volume={21},
  number={2},
  pages={303--307},
  year={1996},
  publisher={Elsevier}
}

@article{cruz2015forty,
  title={Forty years of research on personality in software engineering: A mapping study},
  author={Cruz, Shirley and da Silva, Fabio QB and Capretz, Luiz Fernando},
  journal={Computers in Human Behavior},
  volume={46},
  pages={94--113},
  year={2015},
  publisher={Elsevier}
}

@article{gilal2018finding,
  title={Finding an effective classification technique to develop a software team composition model},
  author={Gilal, Abdul Rehman and Jaafar, Jafreezal and Capretz, Luiz Fernando and Omar, Mazni and Basri, Shuib and Aziz, Izzatdin Abdul},
  journal={Journal of Software: Evolution and Process},
  volume={30},
  number={1},
  pages={e1920},
  year={2018},
  publisher={Wiley Online Library}
}

@article{soomro2016effect,
  title={The effect of software engineers’ personality traits on team climate and performance: A Systematic Literature Review},
  author={Soomro, Arjumand Bano and Salleh, Norsaremah and Mendes, Emilia and Grundy, John and Burch, Giles and Nordin, Azlin},
  journal={Information and Software Technology},
  volume={73},
  pages={52--65},
  year={2016},
  publisher={Elsevier}
}

@article{gilal2017effective,
  title={Effective Personality Preferences of Software Programmer: A Systematic Review.},
  author={Gilal, Abdul Rehman and Jaafar, Jafreezal and Abro, Ahsanullah and Omar, Mazni and Basri, Shuib and Saleem, Muhammad Qaiser},
  journal={J. Inf. Sci. Eng.},
  volume={33},
  number={6},
  pages={1399--1416},
  year={2017}
}

@article{kunnel2019psychometric,
  title={Psychometric Evaluation of the BFI-10 and the NEO-FFI-3 in Indian Adolescents},
  author={Kunnel John, Roshin and Gaab, Jens and Xavier, Boby and Waldmeier, Anja and Meyer, Andrea Hans},
  journal={Frontiers in psychology},
  volume={10},
  pages={1057},
  year={2019},
  publisher={Frontiers}
}

@article{costa2010neo,
  title={NEO Inventories professional manual},
  author={Costa, PT and McCrae, RR},
  journal={Psychological Assessment Resources, Inc},
  year={2010}
}

@book{shull2007guide,
  title={Guide to advanced empirical software engineering},
  author={Shull, Forrest and Singer, Janice and Sj{\o}berg, Dag IK},
  year={2007},
  publisher={Springer}
}

@incollection{easterbrook2008selecting,
  title={Selecting empirical methods for software engineering research},
  author={Easterbrook, Steve and Singer, Janice and Storey, Margaret-Anne and Damian, Daniela},
  booktitle={Guide to advanced empirical software engineering},
  pages={285--311},
  year={2008},
  publisher={Springer}
}

@article{andrade2008evidencias,
  title={Evid{\^e}ncias de validade do invent{\'a}rio dos cinco grandes fatores de personalidade para o Brasil},
  author={Andrade, Josemberg Moura de},
  year={2008}
}

@inproceedings{canedo2019factors,
  title={Factors Affecting Software Development Productivity: An empirical study},
  author={Canedo, Edna Dias and Santos, Giovanni Almeida},
  booktitle={Proceedings of the XXXIII Brazilian Symposium on Software Engineering},
  pages={307--316},
  year={2019}
}

@article{akarsumanaging,
  title={Managing the social aspects of software development ecosystems: An industrial case study on personality},
  author={Akarsu, Zulal and Yilmaz, Murat},
  journal={Journal of Software: Evolution and Process},
  pages={e2277},
  publisher={Wiley Online Library}
}

@inproceedings{ruiz2019understanding,
  title={Understanding How and When Human Factors Are Used in the Software Process: A Text-Mining Based Literature Review},
  author={Ruiz, Mercedes and Salanitri, Davide},
  booktitle={International Conference on Product-Focused Software Process Improvement},
  pages={694--708},
  year={2019},
  organization={Springer}
}

@book{ryckman2012theories,
  title={Theories of personality},
  author={Ryckman, Richard M},
  year={2012},
  publisher={Cengage Learning}
}

@article{john2008paradigm,
  title={Paradigm shift to the integrative big five trait taxonomy},
  author={John, Oliver P and Naumann, Laura P and Soto, Christopher J},
  journal={Handbook of personality: Theory and research},
  volume={3},
  number={2},
  pages={114--158},
  year={2008}
}

@article{john1991basic,
  title={The basic level in personality-trait hierarchies: studies of trait use and accessibility in different contexts.},
  author={John, Oliver P and Hampson, Sarah E and Goldberg, Lewis R},
  journal={Journal of personality and social psychology},
  volume={60},
  number={3},
  pages={348},
  year={1991},
  publisher={American Psychological Association}
}

@inproceedings{gulati2015comparative,
  title={Comparative study of personality models in software engineering},
  author={Gulati, Jayati and Bhardwaj, Priya and Suri, Bharti},
  booktitle={Proceedings of the Third International Symposium on Women in Computing and Informatics},
  pages={209--216},
  year={2015}
}

@article{gomesevaluating,
  title={Evaluating the Relationship of Personality and Teamwork Quality in the Context of Agile Software Development},
  author={Gomes, Alexandre and Silva, Manuel and Valadares, Dalton C{\'e}zane Gomes and Perkusich, Mirko and Albuquerque, Danyllo and Almeida, Hyggo and Perkusich, Angelo}
}

@book{myers1976introduction,
  title={Introduction to type{\textregistered}},
  author={Myers, Isabel Briggs and others},
  year={1976},
  publisher={CPP}
}

@misc{myers1998introduction,
  title={Introduction to Type{\textregistered}. Mountain View, CA: CPP},
  author={Myers, Isabelle Briggs and Kirby, LK},
  year={1998},
  publisher={Inc}
}

@book{hammer2007introduction,
  title={Introduction to type{\textregistered} and careers},
  author={Hammer, Allen L},
  year={2007},
  publisher={CPP}
}

@book{keirsey1978please,
  title={Please understand me},
  author={Keirsey, David and Bates, Marilyn},
  year={1978},
  publisher={Prometheus Nemesis Del Mar, CA}
}

@book{widiger2017oxford,
  title={The Oxford handbook of the five factor model},
  author={Widiger, Thomas A},
  year={2017},
  publisher={Oxford university press}
}

@article{loehlin1998heritabilities,
  title={Heritabilities of common and measure-specific components of the Big Five personality factors},
  author={Loehlin, John C and McCrae, Robert R and Costa Jr, Paul T and John, Oliver P},
  journal={Journal of research in personality},
  volume={32},
  number={4},
  pages={431--453},
  year={1998},
  publisher={Academic Press}
}

@article{john2008paradigm,
  title={Paradigm shift to the integrative big five trait taxonomy},
  author={John, Oliver P and Naumann, Laura P and Soto, Christopher J},
  journal={Handbook of personality: Theory and research},
  volume={3},
  number={2},
  pages={114--158},
  year={2008}
}

@article{schuerger1995career,
  title={Career assessment and the sixteen personality factor questionnaire},
  author={Schuerger, JM},
  journal={Journal of Career Assessment},
  volume={3},
  number={2},
  pages={157--175},
  year={1995},
  publisher={Sage Publications Sage CA: Thousand Oaks, CA}
}

@book{boyle2008sage,
  title={The sagE handbook of personality theory and assessment: Personality measurement and testing},
  author={Boyle, Gregory J and Matthews, Gerald and Saklofske, Donald H},
  volume={2},
  year={2008},
  publisher={Sage}
}

@article{cattell2008sixteen,
  title={The sixteen personality factor questionnaire (16PF)},
  author={Cattell, Heather EP and Mead, Alan D},
  journal={The SAGE handbook of personality theory and assessment},
  volume={2},
  pages={135--178},
  year={2008},
  publisher={Sage Thousand Oaks, CA}
}

@article{cattell1995personality,
  title={Personality structure and the new fifth edition of the 16PF},
  author={Cattell, Raymond B and P. Cattell, Heather E},
  journal={Educational and Psychological Measurement},
  volume={55},
  number={6},
  pages={926--937},
  year={1995},
  publisher={Sage Publications Sage CA: Thousand Oaks, CA}
}

@article{schneewind199816,
  title={16-Personlichkeits-Factoren-Test Revidierte Fassung Test-Manual [The 16 Personality Factor Test--Revised Version Test Manual]},
  author={Schneewind, KA and Graf, J},
  journal={Bern, Switzerland: Verlag Hans Huber},
  year={1998}
}

@article{gerbing199116pf,
  title={The 16PF related to the five-factor model of personality: Multiple-indicator measurement versus the a priori scales},
  author={Gerbing, David W and Tuley, Michael R},
  journal={Multivariate Behavioral Research},
  volume={26},
  number={2},
  pages={271--289},
  year={1991},
  publisher={Taylor \& Francis}
}

@article{puth2015effective,
  title={Effective use of Spearman's and Kendall's correlation coefficients for association between two measured traits},
  author={Puth, Marie-Therese and Neuh{\"a}user, Markus and Ruxton, Graeme D},
  journal={Animal Behaviour},
  volume={102},
  pages={77--84},
  year={2015},
  publisher={Elsevier}
}

@article{barbaranelli1996many,
  title={How many dimensions to describe personality? A comparison of Cattell, Comrey, and the big five taxonomies of personality traits.},
  author={Barbaranelli, Claudio and Caprara, Gian Vittorio},
  journal={European Review of Applied Psychology/Revue Europ{\'e}enne de Psychologie Appliqu{\'e}e},
  year={1996},
  publisher={Elsevier Science}
}

@inproceedings{darcy2005exploring,
  title={Exploring individual characteristics and programming performance: Implications for programmer selection},
  author={Darcy, David P and Ma, Meng},
  booktitle={Proceedings of the 38th Annual Hawaii International Conference on System Sciences},
  pages={314a--314a},
  year={2005},
  organization={IEEE}
}

@article{wyrich2019theory,
  title={A theory on individual characteristics of successful coding challenge solvers},
  author={Wyrich, Marvin and Graziotin, Daniel and Wagner, Stefan},
  journal={PeerJ Computer Science},
  volume={5},
  pages={e173},
  year={2019},
  publisher={PeerJ Inc.}
}

@article{lounsbury2007investigation,
  title={An investigation of personality traits in relation to job and career satisfaction of information technology professionals},
  author={Lounsbury, John W and Moffitt, Lauren and Gibson, Lucy W and Drost, Adam W and Stevens, Mark},
  journal={Journal of Information Technology},
  volume={22},
  number={2},
  pages={174--183},
  year={2007},
  publisher={SAGE Publications Sage UK: London, England}
}

@article{mcdonald2007should,
  title={Who should test whom?},
  author={McDonald, Sharon and Edwards, Helen M},
  journal={Communications of the ACM},
  volume={50},
  number={1},
  pages={66--71},
  year={2007},
  publisher={ACM New York, NY, USA}
}

@book{american1999standards,
  title={Standards for educational and psychological testing},
  author={American Educational Research Association and American Psychological Association and National Council on Measurement in Education and Joint Committee on Standards for Educational and Psychological Testing (US)},
  year={1999},
  publisher={Amer Educational Research Assn}
}

@article{graziotin2020behavioral,
  title={Behavioral Software Engineering: Methodological Introduction to Psychometrics},
  author={Graziotin, Daniel and Lenberg, Per and Feldt, Robert and Wagner, Stefan},
  journal={arXiv preprint arXiv:2005.09959},
  year={2020}
}

@inproceedings{ram2019success,
  title={Success factors for effective process metrics operationalization in agile software development: A multiple case study},
  author={Ram, Prabhat and Rodriguez, Pilar and Oivo, Markku and Mart{\'\i}nez-Fern{\'a}ndez, Silverio},
  booktitle={2019 IEEE/ACM International Conference on Software and System Processes (ICSSP)},
  pages={14--23},
  year={2019},
  organization={IEEE}
}

@article{salleh2014investigating,
  title={Investigating the effects of personality traits on pair programming in a higher education setting through a family of experiments},
  author={Salleh, Norsaremah and Mendes, Emilia and Grundy, John},
  journal={Empirical Software Engineering},
  volume={19},
  number={3},
  pages={714--752},
  year={2014},
  publisher={Springer}
}

@article{kosti2014personality,
  title={Personality, emotional intelligence and work preferences in software engineering: An empirical study},
  author={Kosti, Makrina Viola and Feldt, Robert and Angelis, Lefteris},
  journal={Information and Software Technology},
  volume={56},
  number={8},
  pages={973--990},
  year={2014},
  publisher={Elsevier}
}

@article{akarsumanaging,
  title={Managing the social aspects of software development ecosystems: An industrial case study on personality},
  author={Akarsu, Zulal and Yilmaz, Murat},
  journal={Journal of Software: Evolution and Process},
  pages={e2277},
  publisher={Wiley Online Library}
}

@inproceedings{jia2015comparative,
  title={A comparative study of three personality assessment models in software engineering field},
  author={Jia, Jingdong and Zhang, Pengnan and Zhang, Rong},
  booktitle={2015 6th IEEE International Conference on Software Engineering and Service Science (ICSESS)},
  pages={7--10},
  year={2015},
  organization={IEEE}
}

@article{balijepally2006assessing,
  title={Assessing personality profiles of software developers in agile development teams},
  author={Balijepally, VenuGopal and Mahapatra, RadhaKanta and Nerur, Sridhar P},
  journal={Communications of the Association for Information Systems},
  volume={18},
  number={1},
  pages={4},
  year={2006}
}

@article{garcia2009relationship,
  title={Relationship between personality traits and vocational choice},
  author={Garcia-Sede{\~n}to, Manuel and Navarro, Jose I and Menacho, Inmaculada},
  journal={Psychological Reports},
  volume={105},
  number={2},
  pages={633--642},
  year={2009},
  publisher={SAGE Publications Sage CA: Los Angeles, CA}
}

@article{duff2004relationship,
  title={The relationship between personality, approach to learning and academic performance},
  author={Duff, Angus and Boyle, Elizabeth and Dunleavy, Karen and Ferguson, John},
  journal={Personality and individual differences},
  volume={36},
  number={8},
  pages={1907--1920},
  year={2004},
  publisher={Elsevier}
}

@article{gomesevaluating,
  title={Evaluating the Relationship of Personality and Teamwork Quality in the Context of Agile Software Development},
  author={Gomes, Alexandre and Silva, Manuel and Valadares, Dalton C{\'e}zane Gomes and Perkusich, Mirko and Albuquerque, Danyllo and Almeida, Hyggo and Perkusich, Angelo}
}

@article{john2008paradigm,
  title={Paradigm shift to the integrative big five trait taxonomy},
  author={John, Oliver P and Naumann, Laura P and Soto, Christopher J},
  journal={Handbook of personality: Theory and research},
  volume={3},
  number={2},
  pages={114--158},
  year={2008}
}

@article{wagner2018systematic,
  title={A systematic review of productivity factors in software development},
  author={Wagner, Stefan and Ruhe, Melanie},
  journal={arXiv preprint arXiv:1801.06475},
  year={2018}
}

@article{acuna2009personality,
  title={How do personality, team processes and task characteristics relate to job satisfaction and software quality?},
  author={Acu{\~n}a, Silvia T and G{\'o}mez, Marta and Juristo, Natalia},
  journal={Information and Software Technology},
  volume={51},
  number={3},
  pages={627--639},
  year={2009},
  publisher={Elsevier}
}

@article{kichuk1997big,
  title={The big five personality factors and team performance: implications for selecting successful product design teams},
  author={Kichuk, Susan L and Wiesner, Willi H},
  journal={Journal of Engineering and Technology management},
  volume={14},
  number={3-4},
  pages={195--221},
  year={1997},
  publisher={Elsevier}
}

@article{rothstein2006use,
  title={The use of personality measures in personnel selection: What does current research support?},
  author={Rothstein, Mitchell G and Goffin, Richard D},
  journal={Human resource management review},
  volume={16},
  number={2},
  pages={155--180},
  year={2006},
  publisher={Elsevier}
}

@article{bell2007deep,
  title={Deep-level composition variables as predictors of team performance: a meta-analysis.},
  author={Bell, Suzanne T},
  journal={Journal of applied psychology},
  volume={92},
  number={3},
  pages={595},
  year={2007},
  publisher={American Psychological Association}
}

@article{kosti2014personality,
  title={Personality, emotional intelligence and work preferences in software engineering: An empirical study},
  author={Kosti, Makrina Viola and Feldt, Robert and Angelis, Lefteris},
  journal={Information and Software Technology},
  volume={56},
  number={8},
  pages={973--990},
  year={2014},
  publisher={Elsevier}
}

@article{capretz2010making,
  title={Making sense of software development and personality types},
  author={Capretz, Luiz Fernando and Ahmed, Faheem},
  journal={IT professional},
  volume={12},
  number={1},
  pages={6--13},
  year={2010},
  publisher={IEEE}
}

@article{allport1937personality,
  title={Personality: A psychological interpretation.},
  author={Allport, Gordon Willard},
  year={1937},
  publisher={Holt}
}

@article{goldberg1993structure,
  title={The structure of phenotypic personality traits.},
  author={Goldberg, Lewis R},
  journal={American psychologist},
  volume={48},
  number={1},
  pages={26},
  year={1993},
  publisher={American Psychological Association}
}

@article{john1999big,
  title={The Big Five trait taxonomy: History, measurement, and theoretical perspectives},
  author={John, Oliver P and Srivastava, Sanjay and others},
  journal={Handbook of personality: Theory and research},
  volume={2},
  number={1999},
  pages={102--138},
  year={1999}
}

@article{amin2020impact,
  title={The Impact of Personality Traits and Knowledge Collection Behavior on Programmer Creativity},
  author={Amin, Aamir and Basri, Shuib and Rahman, Mobashar and Capretz, Luiz Fernando and Akbar, Rehan and Gilal, Abdul Rehman and Shabbir, Muhammad Farooq},
  journal={Information and Software Technology},
  pages={106405},
  year={2020},
  publisher={Elsevier}
}

@book{dancey2007statistics,
  title={Statistics without maths for psychology},
  author={Dancey, Christine P and Reidy, John},
  year={2007},
  publisher={Pearson education}
}

@book{wohlin2012experimentation,
  title={Experimentation in software engineering},
  author={Wohlin, Claes and Runeson, Per and H{\"o}st, Martin and Ohlsson, Magnus C and Regnell, Bj{\"o}rn and Wessl{\'e}n, Anders},
  year={2012},
  publisher={Springer Science \& Business Media}
}

@book{jung2014psychological,
  title={Psychological types},
  author={Jung, Carl Gustav},
  year={2014},
  publisher={Routledge}
}

@article{mccrae2008five,
  title={The five-factor theory of personality.},
  author={McCrae, Robert R and Costa Jr, Paul T},
  year={2008},
  publisher={The Guilford Press}
}

@article{boyle1995myers,
  title={Myers-Briggs type indicator (MBTI): some psychometric limitations},
  author={Boyle, Gregory J},
  journal={Australian Psychologist},
  volume={30},
  number={1},
  pages={71--74},
  year={1995},
  publisher={Wiley Online Library}
}

@article{mccrae1989reinterpreting,
  title={Reinterpreting the Myers-Briggs type indicator from the perspective of the five-factor model of personality},
  author={McCrae, Robert R and Costa Jr, Paul T},
  journal={Journal of personality},
  volume={57},
  number={1},
  pages={17--40},
  year={1989},
  publisher={Wiley Online Library}
}

@article{furnham1996big,
  title={The big five versus the big four: the relationship between the Myers-Briggs Type Indicator (MBTI) and NEO-PI five factor model of personality},
  author={Furnham, Adrian},
  journal={Personality and Individual Differences},
  volume={21},
  number={2},
  pages={303--307},
  year={1996},
  publisher={Elsevier}
}

@inproceedings{farhangian2016personalities,
  title={Personalities and software development team performance a psycholinguistic study},
  author={Farhangian, Mehdi and Purvis, Martin and Purvis, Maryam A and Savarimuthu, Bastin Tony Roy},
  booktitle={Proc. 24th Eur. Conf. Inf. Syst.},
  pages={1--15},
  year={2016}
}

@article{akarsu2020managing,
  title={Managing the social aspects of software development ecosystems: An industrial case study on personality},
  author={Akarsu, Zulal and Yilmaz, Murat},
  journal={Journal of Software: Evolution and Process},
  volume={32},
  number={11},
  pages={e2277},
  year={2020},
  publisher={Wiley Online Library}
}

@book{costa2008revised,
  title={The Revised NEO Personality Inventory (NEO-PI-R).},
  author={Costa Jr, Paul T and McCrae, Robert R},
  year={2008},
  publisher={Sage Publications, Inc}
}

@inproceedings{Iqbal2019BigfivePT,
  title={Big-five personality traits mapped with software development tasks to find most productive software development teams},
  author={M. Iqbal and Adel Rashed Aldaihani and Asadullah Shah},
  year={2019}
}An
examination of personality traits and how they impact on software
development teams.

@article{yilmaz2017examination,
  title={An examination of personality traits and how they impact on software development teams},
  author={Yilmaz, Murat and O’Connor, Rory V and Colomo-Palacios, Ricardo and Clarke, Paul},
  journal={Information and Software Technology},
  volume={86},
  pages={101--122},
  year={2017},
  publisher={Elsevier}
}

@article{pittenger1993measuring,
  title={Measuring the MBTI… and coming up short},
  author={Pittenger, David J},
  journal={Journal of Career Planning and Employment},
  volume={54},
  number={1},
  pages={48--52},
  year={1993}
}